@INPROCEEDINGS{6529813,
author={S. R. Bhandari and N. W. Bergmann},
booktitle={2013 IEEE Eighth International Conference on Intelligent Sensors, Sensor Networks and Information Processing},
title={An internet-of-things system architecture based on services and events},
year={2013},
volume={},
number={},
pages={339-344},
keywords={building management systems;Internet of Things;internetworking;middleware;open systems;service-oriented architecture;Internet-of-Things system architecture;building automation systems;open system architecture;networking middleware;service-oriented architectures;event-condition-action framework;system behaviour;Buildings;Protocols;Service-oriented architecture;Actuators;Standards;Logic gates},
doi={10.1109/ISSNIP.2013.6529813},
ISSN={},
month={April},}