@inproceedings{inproceedings,
author = {Lam, An and Haugen, Ã˜ystein},
year = {2016},
month = {10},
pages = {20-35},
title = {Complex Event Processing in ThingML},
volume = {9959},
isbn = {978-3-319-46612-5},
doi = {10.1007/978-3-319-46613-2_2}
}